<?xml version="1.0" encoding="UTF-8"?><collection xmlns="http://www.loc.gov/MARC21/slim"><record><leader>00397nam--2200133-i-4500</leader><controlfield tag="001">000048086</controlfield><controlfield tag="002">20161230</controlfield><controlfield tag="005">20161230201046</controlfield><controlfield tag="008">060222s1000------------r-----000-0-eng-d</controlfield><datafield ind1=" " ind2=" " tag="080"><subfield code="a">542</subfield></datafield><datafield ind1=" " ind2=" " tag="100"><subfield code="a">Zschake, F.H</subfield></datafield><datafield ind1=" " ind2=" " tag="245"><subfield code="a">Lehrbuch der glastechnik. teil iii. veredlung des flachglases uberarbeitet von vopelius. 3-te verbesserte auflage</subfield></datafield><datafield ind1=" " ind2=" " tag="260"><subfield code="a">Dresden, Glashutte, 1950, 159p</subfield></datafield><datafield ind1=" " ind2=" " tag="852"><subfield code="a">12346</subfield></datafield></record></collection>